<?xml version="1.0" encoding="UTF-8"?><collection><record><leader>07339ntm a2200673 a 4500</leader><controlfield tag="001">006006159</controlfield><controlfield tag="003">MiAaHDL</controlfield><controlfield tag="005">20190719000000.0</controlfield><controlfield tag="006">m        d        </controlfield><controlfield tag="007">cr bn ---auaua</controlfield><controlfield tag="008">090410s1684    xx            00| ||ara d</controlfield><datafield tag="035" ind1=" " ind2=" "><subfield code="a">(MiU)006006159</subfield></datafield><datafield tag="035" ind1=" " ind2=" "><subfield code="a">sdr-miu006006159</subfield></datafield><datafield tag="040" ind1=" " ind2=" "><subfield code="a">MiU</subfield><subfield code="c">MiU</subfield><subfield code="e">amremm</subfield></datafield><datafield tag="043" ind1=" " ind2=" "><subfield code="a">n-us-mi</subfield></datafield><datafield tag="100" ind1="1" ind2=" "><subfield code="6">880-01</subfield><subfield code="a">Dīrīnī, ʻAbd al-ʻAzīz,</subfield><subfield code="d">1215-approximately 1295.</subfield></datafield><datafield tag="245" ind1="1" ind2="0"><subfield code="6">880-03</subfield><subfield code="a">Ṭahārat al-qulūb wa-al-khuḍūʻ li-ʻallām al-ghuyūb,</subfield><subfield code="f">[1096, i.e. 1684].</subfield></datafield><datafield tag="246" ind1="3" ind2=" "><subfield code="6">880-04</subfield><subfield code="i">Title from inscription on 'title page' (p.7):</subfield><subfield code="a">Kitāb Ṭahārat al-qulūb wa-al-khushūʻ li-ʻallām al-ghuyūb</subfield></datafield><datafield tag="246" ind1="3" ind2=" "><subfield code="i">Edge title (head):</subfield><subfield code="a">كتاب طهارة القلوب</subfield></datafield><datafield tag="260" ind1=" " ind2=" "><subfield code="c">[1684]</subfield></datafield><datafield tag="300" ind1=" " ind2=" "><subfield code="a">181 leaves :</subfield><subfield code="b">paper ;</subfield><subfield code="c">205 x 150 (150-160 x 110-115) mm.</subfield></datafield><datafield tag="500" ind1=" " ind2=" "><subfield code="a">Shelfmark: Ann Arbor, University of Michigan, Special Collections Library, Isl. Ms. 500</subfield></datafield><datafield tag="500" ind1=" " ind2=" "><subfield code="a">Origin: As appears in colophon for Tafsīr al-Fātiḥah on p.365, transcription completed 8 Muḥarram 1096 [ca. 15 December 1684]. Neither colophon names the copyist.</subfield></datafield><datafield tag="500" ind1=" " ind2=" "><subfield code="a">Accompanying materials: a. Acquisitions slip from Yahuda (pp.1-2) -- b. Inventory cataloguing slip in hand of Winifred Smeaton Thomas (pp.3-4).</subfield></datafield><datafield tag="500" ind1=" " ind2=" "><subfield code="a">Former shelfmark: From inner front cover and spine label, "IL 244" (likely supplied by Yahuda, see acquisitions slip).</subfield></datafield><datafield tag="500" ind1=" " ind2=" "><subfield code="a">Binding: Pasteboards now covered in several layers of paper including untinted laid paper (manuscript waste) and purple wove paper with dark brown leather over spine and at fore edge of lower cover (likely part of a repair to the flap, now lost) ; Type II binding (with flap, though now lost) ; board linings in layers of untinted laid paper ; sewn in cream thread, two stations ; worked endbands in yelllow and red, only traces remain ; overall in quite poor condition with loss of flap, significant abrasion, lifting and losses of paper and leather, delamination of boards, moisture damage, shrinkage in lower cover, etc.</subfield></datafield><datafield tag="500" ind1=" " ind2=" "><subfield code="a">Support: European laid paper with 6-7 laid lines per cm. (vertical), chain lines spaced 25-28 mm. apart (horizontal), three crescents watermark (90 mm. long, perpendicular to chains, see p.48, etc.) and crown-star-crescent watermark (see p.76, 77, etc.) ; lightly burnished, sturdy and fairly thick though crisp ; staining and cockling.</subfield></datafield><datafield tag="500" ind1=" " ind2=" "><subfield code="a">Decoration: Section headings and keywords mainly rubricated ; textual dividers in the form of red hāʼ.</subfield></datafield><datafield tag="500" ind1=" " ind2=" "><subfield code="a">Script: Naskh ; angular, compact Egyptian or Syrian [?] hand in a bold line ; serifless with pointing in distinct dots, bowl of final nūn usually closed to form a complete circle surrouning the dot, descenders rather rectilinear (some sweeping), elongated in the horizontal, kāf mabsūṭah preferred.</subfield></datafield><datafield tag="500" ind1=" " ind2=" "><subfield code="a">Layout: Written in 20-22 lines per page.</subfield></datafield><datafield tag="500" ind1=" " ind2=" "><subfield code="a">Collation: V+1 (11), 17 V(181) ; almost exclusively quinions ; catchwords present ; foliation in brown ink, Hindu-Arabic numerals ; pagination in pencil, Western numerals, supplied during digitization (includes inserts).</subfield></datafield><datafield tag="500" ind1=" " ind2=" "><subfield code="a">Colophon: [Ṭahārat al-qulūb] "وهذا انتهى الينا من طهارة القلوب والخضوع لعلام الغيوب رحم الله قارئه وكاتبه وسامعه وغفر الله لمن دعا لكاتبه بالمغفرة ... تم م م م م م" ; [Tafsīr al-Fātiḥah] "وكان الفراغ من النسخة المباركة نهار الجمعة ثامن محرم الحرام سنة ستة وتسعين والف م م م"</subfield></datafield><datafield tag="500" ind1=" " ind2=" "><subfield code="a">Explicit: "فاسقنا الغيث يا ارحم الراحمين قال فارخت السماء بمطر عظيم حتى تساوت الحفر والاكام وصلى الله على سيدنا محمد وعلى اله وصحبه وسلم والحمد لله وحده وصلى الله على من لا نبيه بعده "</subfield></datafield><datafield tag="500" ind1=" " ind2=" "><subfield code="a">Incipit: "الحمد لله الذي تفرد قبل وجود اللغات بالاسماء الحسنى وتوحد في محامد الصفات بالمجد الاسنى الذي وله اليه القاصدون رغبة وطلبا ... وبعد فهذا كتاب فيه فصول يتذكر بها من اصغى اليها بسمع قابل وينتفع بها من كان قلبه روضة فضبها [؟] الظل والوابل ... وسميته كتاب طهارة القلوب والخضوع لعلام الغيوب وانما سميته بهذا الاسم لأني لما اكملته رأيته في المنام وهذا الاسم مكتوب عليه فسميته بذلك ..."</subfield></datafield><datafield tag="500" ind1=" " ind2=" "><subfield code="a">Title from oppening matter (p.12) and colophon (p.363).</subfield></datafield><datafield tag="500" ind1=" " ind2=" "><subfield code="a">Ms. codex.</subfield></datafield><datafield tag="505" ind1="0" ind2=" "><subfield code="a">4. p.366 : [blank].</subfield></datafield><datafield tag="505" ind1="0" ind2=" "><subfield code="a">3. p.364-p.365 : Min kalāmih raḍiya Allāh ʻanhu fī Tafsīr al-Fātiḥah / ʻAbd al-ʻAzīz ibn Aḥmad ibn Saʻīd al-Dīrīnī.</subfield></datafield><datafield tag="505" ind1="0" ind2=" "><subfield code="a">2. p.8-p.363 : Ṭahārat al-qulūb wa-al-khuḍūʻ li-ʻallām al-ghuyūb / ʻAbd al-ʻAzīz ibn Aḥmad ibn Saʻīd al-Dīrīnī.</subfield></datafield><datafield tag="505" ind1="0" ind2=" "><subfield code="a">1. p.5-p.7 : [table of contents].</subfield></datafield><datafield tag="510" ind1="4" ind2=" "><subfield code="a">Brit. Mus. Suppl.</subfield><subfield code="c">235</subfield></datafield><datafield tag="510" ind1="4" ind2=" "><subfield code="a">Ḥājjī Khalīfah. Kashf al-ẓunūn,</subfield><subfield code="c">iv 172, no. 8005</subfield></datafield><datafield tag="510" ind1="4" ind2=" "><subfield code="a">Brockelmann, C. GAL</subfield><subfield code="c">I 451-2</subfield></datafield><datafield tag="520" ind1="8" ind2=" "><subfield code="a">Careful copy of the Ṣūfī work by ʻAbd al-ʻAzīz ibn Aḥmad ibn Saʻīd al-Dīrīnī (d.1295), followed by an excerpt from his al-Miṣbāḥ al-munīr fī ʻilm al-tafsīr supplying commentary on the Fātiḥah.</subfield></datafield><datafield tag="538" ind1=" " ind2=" "><subfield code="a">Mode of access: Internet.</subfield></datafield><datafield tag="541" ind1=" " ind2=" "><subfield code="a">Acquired in 1926 from the bookseller Isaac Benjamin S.E. Yahuda via purchase transacted on his behalf by Abraham Shalom Yahuda (1877-1951), his younger brother.</subfield></datafield><datafield tag="546" ind1=" " ind2=" "><subfield code="a">Arabic.</subfield></datafield><datafield tag="561" ind1=" " ind2=" "><subfield code="a">On recto of opening leaf carrying table of contents (p.5) an ownership (purchase) statement dated 1316 [1898 or 9] in name of Ḥasan ibn [?] Muḥammad al-Rizq ... [?] accompanied by circular seal impression statement reads "ملكه بالشراء الشرعي الفقير اليه تعالى حسن ابن [؟] محمد الرزق ... سنة ١۳۱٦" and seal impression (dated 1314 [1896-7]) reads "حسن الرزق ١٣١٤" ; occasional marginal corrections, glosses, and notabilia (side-heads) ; collation marks (appear regularly on the verso of the final leaf of each quire).</subfield></datafield><datafield tag="630" ind1="0" ind2="0"><subfield code="a">Qurʼan.</subfield><subfield code="p">Sūrat al-Fātiḥah</subfield><subfield code="v">Commentaries</subfield><subfield code="v">Early works to 1800.</subfield></datafield><datafield tag="650" ind1=" " ind2="0"><subfield code="a">Manuscripts, Arabic</subfield><subfield code="z">Michigan</subfield><subfield code="z">Ann Arbor.</subfield></datafield><datafield tag="650" ind1=" " ind2="0"><subfield code="a">Sufism</subfield><subfield code="v">Early works to 1800.</subfield></datafield><datafield tag="700" ind1="0" ind2=" "><subfield code="6">880-06</subfield><subfield code="a">Ḥasan al-Rizq,</subfield><subfield code="d">fl. 1896,</subfield><subfield code="e">former owner.</subfield></datafield><datafield tag="700" ind1="1" ind2="2"><subfield code="6">880-05</subfield><subfield code="a">Dīrīnī, ʻAbd al-ʻAzīz,</subfield><subfield code="d">1215-approximately 1295.</subfield><subfield code="t">Miṣbāḥ al-munīr fī ʻilm al-tafsīr.</subfield><subfield code="k">Selections.</subfield></datafield><datafield tag="773" ind1="0" ind2=" "><subfield code="a">Yahuda Collection.</subfield></datafield><datafield tag="880" ind1="0" ind2=" "><subfield code="6">700-06/</subfield><subfield code="a">حسن الرزق،</subfield><subfield code="e">مالك سابق.</subfield></datafield><datafield tag="880" ind1="1" ind2="2"><subfield code="6">700-05/</subfield><subfield code="a">ديريني، عبد العزيز.</subfield><subfield code="t">مصباح المنير في علم التفسير.</subfield><subfield code="k">مختارات.</subfield></datafield><datafield tag="880" ind1="3" ind2=" "><subfield code="6">246-04/</subfield><subfield code="a">كتاب طهارة القلوب والخشوع لعلام الغيوب</subfield></datafield><datafield tag="880" ind1="1" ind2="0"><subfield code="6">245-03/</subfield><subfield code="a">طهارة القلوب والخضوع لعلام الغيوب,</subfield><subfield code="f">[1096ه, 1684م].</subfield></datafield><datafield tag="880" ind1="1" ind2=" "><subfield code="6">100-01/</subfield><subfield code="a">ديريني، عبد العزيز.</subfield></datafield><datafield tag="CID" ind1=" " ind2=" "><subfield code="a">006006159</subfield></datafield><datafield tag="DAT" ind1="0" ind2=" "><subfield code="a">20190719102634.0</subfield><subfield code="b">20190719000000.0</subfield></datafield><datafield tag="DAT" ind1="1" ind2=" "><subfield code="a">20190719090653.0</subfield><subfield code="b">2019-07-19T16:11:12Z</subfield></datafield><datafield tag="DAT" ind1="2" ind2=" "><subfield code="a">2015-10-02T18:00:03Z</subfield></datafield><datafield tag="CAT" ind1=" " ind2=" "><subfield code="a">SDR-MIU</subfield><subfield code="d">EX LIBRIS - ALEPH</subfield><subfield code="l">prepare.pl-004-008</subfield></datafield><datafield tag="FMT" ind1=" " ind2=" "><subfield code="a">BK</subfield></datafield><datafield tag="HOL" ind1=" " ind2=" "><subfield code="0">sdr-miu006006159</subfield><subfield code="a">MiU</subfield><subfield code="b">SDR</subfield><subfield code="c">MIU</subfield><subfield code="p">mdp.39015079125095</subfield><subfield code="s">MIU</subfield><subfield code="1">006006159</subfield></datafield><datafield tag="974" ind1=" " ind2=" "><subfield code="b">MIU</subfield><subfield code="c">MIU</subfield><subfield code="d">20190719</subfield><subfield code="s">lit-dlps-dc</subfield><subfield code="u">mdp.39015079125095</subfield><subfield code="y">1684</subfield><subfield code="r">pd</subfield><subfield code="q">bib</subfield><subfield code="t">non-US bib date1 &lt; 1896</subfield></datafield></record></collection>